<record><leader>00000cas a22000007a 4500</leader><controlfield tag="001">15186112</controlfield><controlfield tag="008">870212d18731944mouwr ne      0    0eng d</controlfield><datafield ind1=" " ind2=" " tag="010"><subfield code="a">sn 87052190 </subfield></datafield><datafield ind1=" " ind2=" " tag="040"><subfield code="a">NPX</subfield><subfield code="b">eng</subfield><subfield code="c">NPX</subfield><subfield code="d">MQN</subfield><subfield code="d">NVF</subfield><subfield code="d">MGN</subfield><subfield code="d">OCLCQ</subfield></datafield><datafield ind1=" " ind2=" " tag="042"><subfield code="a">msc</subfield></datafield><datafield ind1="0" ind2="4" tag="245"><subfield code="a">The Princeton telegraph.</subfield></datafield><datafield ind1=" " ind2=" " tag="260"><subfield code="a">Princeton, Mercer Co., Mo. :</subfield><subfield code="b">L.W. Brannon,</subfield><subfield code="c">-1944.</subfield></datafield><datafield ind1=" " ind2=" " tag="300"><subfield code="a">v.</subfield></datafield><datafield ind1=" " ind2=" " tag="310"><subfield code="a">Weekly</subfield></datafield><datafield ind1="1" ind2=" " tag="362"><subfield code="a">Began in 1873?</subfield></datafield><datafield ind1="0" ind2=" " tag="362"><subfield code="a">-v. 72, no. 37 (Nov. 16, 1944).</subfield></datafield><datafield ind1=" " ind2=" " tag="588"><subfield code="a">Description based on: Vol. 2, no. 7 (June 4, 1874).</subfield></datafield><datafield ind1=" " ind2=" " tag="752"><subfield code="a">United States</subfield><subfield code="b">Missouri</subfield><subfield code="c">Mercer</subfield><subfield code="d">Princeton.</subfield></datafield><datafield ind1="0" ind2="7" tag="785"><subfield code="t">Princeton post (Princeton, Mo.)</subfield><subfield code="w">(DLC)sn 90061377</subfield></datafield><datafield ind1="0" ind2="7" tag="785"><subfield code="t">Post-telegraph</subfield><subfield code="w">(DLC)sn 90061378</subfield></datafield></record>